<?xml version="1.0" encoding="UTF-8"?><collection xmlns="http://www.loc.gov/MARC21/slim"><record><leader>00404nam--2200145-i-4500</leader><controlfield tag="001">000014740</controlfield><controlfield tag="002">20161230</controlfield><controlfield tag="005">20161230201031</controlfield><controlfield tag="008">060222s1000------------r-----000-0-eng-d</controlfield><datafield ind1=" " ind2=" " tag="080"><subfield code="a">538.935:548.0</subfield></datafield><datafield ind1=" " ind2=" " tag="100"><subfield code="a">Aigrain, Pierre R</subfield></datafield><datafield ind1=" " ind2=" " tag="245"><subfield code="a">Electronic processes in solids</subfield></datafield><datafield ind1=" " ind2=" " tag="260"><subfield code="a">New York, John Wiley And Sons, Inc., 1960. Ix + 67 P</subfield></datafield><datafield ind1=" " ind2=" " tag="490"><subfield code="a">Technology Press Research Monographs</subfield></datafield><datafield ind1=" " ind2=" " tag="852"><subfield code="a">11565</subfield></datafield></record></collection>